@article{scats_env,
  title={The SCATS and the environment study: introduction and preliminary results},
  author={Christian Chong-White and
        Gareth Millar and
        Fraser Johnson and
        Steven Shaw},
  jouranl={},
  year={2011}
}

@article{hybrid,
  author    = {Shengdong Du and
               Tianrui Li and
               Xun Gong and
               Zeng Yu and
               Shi{-}Jinn Horng},
  title     = {A Hybrid Method for Traffic Flow Forecasting Using Multimodal Deep
               Learning},
  journal   = {CoRR},
  volume    = {abs/1803.02099},
  year      = {2018},
  url       = {http://arxiv.org/abs/1803.02099},
  archivePrefix = {arXiv},
  eprint    = {1803.02099},
  timestamp = {Mon, 13 Aug 2018 16:48:51 +0200},
  biburl    = {https://dblp.org/rec/bib/journals/corr/abs-1803-02099},
  bibsource = {dblp computer science bibliography, https://dblp.org}
}

@article{xiaochus,  
  title={Traffic Flow Prediction With Big Data: A Deep Learning Approach},  
  author={Y Lv and
        Y Duan and
        W Kang and
        Z Li and
        FY Wang},
  journal={IEEE Transactions on Intelligent Transportation Systems, 2015, 16(2):865-873},
  year={2015}
}

@article{modeling,
    title={Modeling and Forecasting Vehicular Traffic Flow as a Seasonal ARIMA Process: Theoretical Basis and Empirical Results},
    author={Billy M. Williams 
            and Lester A. Hoel}, 
    journal={Journal of Transportation Engineering},
    year={2003}
}


@article{deep_learning,
    title={Deep learning},
    author={Yann LeCun and
            Yoshua Bengio and
            Geoffrey Hinton},
    journal={Nature},
    year={2015}
}

@article{edge,
  author    = {Aidin Ferdowsi and
               Ursula Challita and
               Walid Saad},
  title     = {Deep Learning for Reliable Mobile Edge Analytics in Intelligent Transportation
               Systems},
  journal   = {CoRR},
  volume    = {abs/1712.04135},
  year      = {2017},
  url       = {http://arxiv.org/abs/1712.04135},
  archivePrefix = {arXiv},
  eprint    = {1712.04135},
  timestamp = {Mon, 13 Aug 2018 16:47:26 +0200},
  biburl    = {https://dblp.org/rec/bib/journals/corr/abs-1712-04135},
  bibsource = {dblp computer science bibliography, https://dblp.org}
}

@article{traffic,
    author={Sven Maerivoet and
            Bart De Moor},
    title={Traffic Flow Theory},
    year={2005},
    journal   = {CoRR},
    volume    = {abs/0507126}
}

@article{bayesian,
    author={Nicholas Polson and
            Vadim Sokolov},
    title={Bayesian Particle Tracking of Particle Flows},
    year={2015},
    journal   = {CoRR},
    volume    = {abs/1411.5076}
}

@article{chicago,
    author={Nicholas Polson and
            Vadim Sokolov},
    title={Deep Learning for Short-Term Traffic Flow Prediction},
    year={2017},
    journal   = {CoRR},
    volume    = {abs/1604.04527}
}

@article{lcrnn,
    author={Zhongjian Lv and
            Jiajie Xu and
            Kai Zheng and
            Hongzhi Yin and
            Pengpeng Zhao and
            Xiaofang Zhou},
    title={LC-RNN: A Deep Learning Model for Traffic Speed Prediction},
    journal={IJCAI},
    year={2018}
}

@article{DBLP:journals/corr/abs-1709-08024,
  author    = {Yuanfang Chen and
               Mohsen Guizani and
               Yan Zhang and
               Lei Wang and
               No{\"{e}}l Crespi and
               Gyu Myoung Lee},
  title     = {When Traffic Flow Prediction Meets Wireless Big Data Analytics},
  journal   = {CoRR},
  volume    = {abs/1709.08024},
  year      = {2017},
  url       = {http://arxiv.org/abs/1709.08024},
  archivePrefix = {arXiv},
  eprint    = {1709.08024},
  timestamp = {Mon, 13 Aug 2018 16:47:37 +0200},
  biburl    = {https://dblp.org/rec/bib/journals/corr/abs-1709-08024},
  bibsource = {dblp computer science bibliography, https://dblp.org}
}

@article{lstm,
  author    = {Alex Sherstinsky},
  title     = {Fundamentals of Recurrent Neural Network {(RNN)} and Long Short-Term
               Memory {(LSTM)} Network},
  journal   = {CoRR},
  volume    = {abs/1808.03314},
  year      = {2018},
  url       = {http://arxiv.org/abs/1808.03314},
  archivePrefix = {arXiv},
  eprint    = {1808.03314},
  timestamp = {Sun, 02 Sep 2018 15:01:55 +0200},
  biburl    = {https://dblp.org/rec/bib/journals/corr/abs-1808-03314},
  bibsource = {dblp computer science bibliography, https://dblp.org}
}

@article{xen,
    author= {Paul Barham and
            Boris Dragovic and
            Keir Fraser and
            Steven Hand and
            Tim Harris and
            Alex Ho and
            Rolf Neugebauer and
            Ian Pratt and
            Andrew Warfield}, 
    title={Xen and the Art of Virtualization},
    year={2003},
    journal={ACM SIGOPS Operating Systems Review}
}

@article{rt-xen,
    author={Sisu Xi and
            Meng Xu and
            Chenyang Lu and
            Linh T.X. Phan and 
            Christopher Gill and
            Oleg Sokolsky and
            Insup Lee},
    title={Real-Time Multi-Core Virtual Machine Scheduling in Xen},
    journal={ACM International Conference on Embedded Software},
    year={2014}
}

@article{DBLP:journals/corr/abs-1803-10836,
  author    = {Bilal Akil and
               Ying Zhou and
               Uwe R{\"{o}}hm},
  title     = {Technical Report: On the Usability of Hadoop MapReduce, Apache Spark
               {\&} Apache Flink for Data Science},
  journal   = {CoRR},
  volume    = {abs/1803.10836},
  year      = {2018},
  url       = {http://arxiv.org/abs/1803.10836},
  archivePrefix = {arXiv},
  eprint    = {1803.10836},
  timestamp = {Mon, 13 Aug 2018 16:47:41 +0200},
  biburl    = {https://dblp.org/rec/bib/journals/corr/abs-1803-10836},
  bibsource = {dblp computer science bibliography, https://dblp.org}
}

@article{dropout,
  author  = {Nitish Srivastava and Geoffrey Hinton and Alex Krizhevsky and Ilya Sutskever and Ruslan Salakhutdinov},
  title   = {Dropout: A Simple Way to Prevent Neural Networks from Overfitting},
  journal = {Journal of Machine Learning Research},
  year    = {2014},
  volume  = {15},
  pages   = {1929-1958},
  url     = {http://jmlr.org/papers/v15/srivastava14a.html}
}

@article{tsc,
    author={Intel Corporation},
    title={Timestamp-Counter Scaling (TSC scaling) for Virtualization},
    year={2015}
}

@article{vangrad,
    author={Y. Bengio and
            P. Simard and
            P. Fransconi},
    title={Learning long-term dependencies with gradient descent is difficult}, 
    journal={IEEE Transactions on Neural Networks},
    volume={5},
    issue={2},
    year={1994}

}